@ARTICLE{mitchell2008,
   AUTHOR  = {Tom M. Mitchel and Svetlana V. Shinkareva and  Andrew Carlson and Kai-Min Chang and  Vicente L. Malave and  Robert A. Mason and Marcel Adam Just},
   TITLE   = {Predicting Human Brain Activity Associated with the Meanings of Nouns},  
   YEAR    = {2008},
   JOURNAL = {Science},
   VOLUME  = {320},
   PAGES   = {1191--1195}
}

@book{lakoff_1980,
  author = {Lakoff, George and Johnson, Mark},
  address = {Chicago},
  publisher = {University of Chicago Press},
  title = {Metaphors we Live by},
  year = 1980
}

@ARTICLE{nancy1998,
   AUTHOR  = {I., Nancy and J., V\'eronis },
   TITLE   = {Word sense disambiguation The state of the art},  
   YEAR    = {1998},
   JOURNAL = {Computational Linguistics},
   VOLUME  = {24},
   PAGES   = {1--40}
}


@article{journals/ml/DaganLP99,
  author = {Dagan, Ido and Lee, Lillian and Pereira, Fernando C. N.},
  journal = {Machine Learning},
  number = {1-3},
  pages = {43-69},
  title = {Similarity-Based Models of Word Cooccurrence Probabilities.},
  url = {http://dblp.uni-trier.de/db/journals/ml/ml34.html#DaganLP99},
  volume = 34,
  year = 1999
}


@ARTICLE{frege1892,
   AUTHOR  = {Gottlob Frege},
   TITLE   = { \"Uber Sinn und Bedeutung },  
   YEAR    = {1892},
   JOURNAL = { }
}

@ARTICLE{ratcliff1978,
   AUTHOR  = {R.,Ratcliff  and  G., McKoon},
   TITLE   = { Priming in item recognition: Evidence for the propositional structure of sentences},  
   YEAR    = {1978},
   JOURNAL = {Journal of Verbal Learning and Verbal Behavior },
  volume = {17},
  pages = {403--417}
}

@inbook{rusell1905,
   AUTHOR  = {B., Russell},
   TITLE   = { On Denoting},  
bootitle = {Mind},
   publisher = {},
 volume = 14,
  pages = {479--93},
   YEAR    = {1905}
}

@BOOK{lakoff_1999,
   AUTHOR  = {G., Lakoff  and M., Johnson},
   TITLE   = { Philosophy in the flesh: The embodied mind and its challenge to western thought},  
   publisher = " New York: Basic Books",
   YEAR    = {1999}
}

@InProceedings{EventTwitterSPIM10,
  author={Shashi Narayan and Srdjan Prodanovic and Zo\"e Bogart and Mohammad Fazleh Elahi},
  title = {Population and Enrichment of Event Ontology Using Twitter},
  booktitle = {First Workshop of Semantic Personalized Information Management, LREC, Malta, 2010},
  year = 2010,
  month = {May}
}

@INPROCEEDINGS{schutze_pedersen1995,
  author={H. ,Sch\"utze and J., Pedersen},
  title = {Information retrieval based on word senses},
  booktitle = {In Proceedings of the 4th Annual Symposium on Document Analysis and 145 Information Retrieval  },
  pages = {161-175},
  year = 1995
}

@INPROCEEDINGS{schutze_pedersen1993,
  author={H. ,Sch\"utze and J., Pedersen},
  title = { A vector model for syntagmatic and paradigmatic
relatedness},
  booktitle = {In Making Sense of Words: Proceedings of the Conference},
  pages = {104--113},
  address = {Oxford, England},
  year = 1993
}

@BOOK{SAUSSURE_1878,
   AUTHOR  = {F. de, SAUSSURE},
   TITLE   = {Memoir on the Primitive System of Vowels in Indo-European Languages},  
   publisher = "Leipzig: Teubner",
   YEAR    = {1878}
}

@book{vanrijsbergen1979,
  author = {van Rijsbergen, Cornelis Joost},
  title = {Information Retrieval},
  year = 1979
}


@ARTICLE{salton1975,
   AUTHOR  =  {G., Salton and A.,  Wong and C.S.,Yang},
   TITLE   = {A vector space model for automatic indexing},  
   YEAR    = {1975},
   JOURNAL = {Communications of the ACM},
   VOLUME  = {18},
   PAGES   = {613--620}
}

@ARTICLE{robertson_jones1997,
   AUTHOR  = {S., Robertson  and K., Sp\"arck Jones},
   TITLE   = {Simple, proven approaches to text retrieval },  
   YEAR    = {1997},
   publisher = { Computer Laboratory, University of Cambridge}
}

@article{jones_pictures_1987,
  author = {Jones, W. P. and Furnas, G. W.},
  journal = {Journal of the American society for information science},
  number = 6,
  pages = {420 --442},
  title = {Pictures of relevance: A Geometric Analysis of similarity measures},
  volume = 38,
  year = 1987
}


@BOOK{weaver1949,
   AUTHOR  = {Warren, Weaver},
   TITLE   = { Machine Translation of Languages},  
   publisher = " New York: John Wiley \& Sons",
   YEAR    = {1949}
   PAGES   = {15--23}
}

@BOOK{zipf1949_1,
   AUTHOR  = { George Kingsley, Zipf},
   TITLE   = {Human Behaviour and the Principle of Least Effort:An introduction to human ecology},  
   publisher = "Cambridge, MA: Addison-Wesley",
   YEAR    = {1949}
}

@BOOK{edmonds2005,
   AUTHOR  = {Philip, Edmonds},
   TITLE   = { Lexical disambiguation. The Elsevier Encyclopedia of Language and Linguistics},  
   publisher = "Oxford: Elsevier",
   YEAR    = {2005}
}

Edmonds, Philip &. 2001. Senseval-2: Overview. 
, , 1–5.

@INPROCEEDINGS{edmonds2001,
  author={Edmonds Philip  and  Scott Cotton},
  title = { Senseval-2: Overview},
  booktitle = { Proceedings of Senseval-2: Second International Workshop on Evaluating Word Sense Disambiguation Systems },
  pages = {1--5},
  address = {Toulouse, France}  
year = 2001
}

@INPROCEEDINGS{dill2003,
  author={Stephen ,Dill and  Nadav Eiron and David Gibson and Daniel Gruhl and R. Guha and Anant Jhingran and Tapas Kanungo and Sridhar Rajagopalan and Andrew Tomkins and John A.Tomlin and Jason Y. Zien},
  title = {SemTag and Seeker: Bootstrapping the Semantic Web via automated semantic annotation},
  booktitle = { Proceedings of the Twelfth International Conference on World Wide Web (WWW-2003), Budapest, Hungary },
  pages = {178--186},
  year = 2003
}

@inproceedings{schutze1992,
 author  = {Hinrich, Sch\"utze},
 title = { Dimensions of meaning},
  booktitle = {Proceedings of the 1992 ACM/IEEE Conference on Supercomputing, Supercomputing'92 },
 pages = {787-796},
publisher = { IEEE Computer Society Press},
  year = 1992
}

@inproceedings{schutze1993,
author  = {Hinrich, Sch\"utze},
 title    = { Word space},
  booktitle = {Proceedings of the 1993 Conference on Advances in Neural Information Processing Systems, NIPS'93 },
 pages = {895-902},
address = {San Francisco, CA, USA: Morgan Kaufmann Publishers Inc.},
  year = 1993
}

@BOOK{schutze1998,
   AUTHOR  = {Hinrich, Sch\"utze},
   TITLE   = {Automatic word sense discrimination},  
   YEAR    = {1998},
 VOLUME  = {24},
  pages = {97--123},
   publisher = {Computational Linguistics}
}

@ARTICLE{kilgarriff2000,
   AUTHOR  = {Adam, Kilgarriff and Martha, Palmer },
   TITLE   = {Introduction to the special issue on Senseval},  
   YEAR    = {2000},
   JOURNAL = {Computers and the Humanities},
   VOLUME  = {34},
   NUMBER = {1--2},
   PAGES   = {1--13}
}

@proceedings{mihalcea2004,
  author={Mihalcea  Rada and  Edmonds Philip},
  title = { Proceedings of Senseval-3: Third International Workshop on the Evaluation of Systems for the Semantic Analysis
of Text},
 address = { Barcelona, Spain},
  year = 2004
}

@ARTICLE{pado_lapata2007,
   AUTHOR  = {S., Pad\'o and M., Lapata},
   TITLE   = { Dependency-based construction of semantic space models},  
   YEAR    = {2007},
   JOURNAL = {Computational Linguistics},
   VOLUME  = {33},
   NUMBER = {2},
   PAGES   = {161--199}
}

@INPROCEEDINGS{lin1998,
  author={D., Lin},
  title = {Automatic retrieval and clustering of similar words},
  booktitle = {Proceedings of the 17th international conference on Computational linguistics},
  pages = {768--774},
  year = 1998
 publisher = {Association for Computational Linguistics}
}

@INPROCEEDINGS{erk_pado2008,
  author={K., Erk and S., Pad\'o},
  title = { A structured vector space model for word meaning in context},
  booktitle = {Proceedings of the 2008 Conference on Empirical Methods in Natural Language Processing (EMNLP-08)},
  pages = {897--906},
  year = 2008
 address = {Honolulu, HI}
}

@misc{cogprints4501,
           title = {Measuring Semantic Similarity by Latent Relational Analysis},
          author = {Peter D. Turney},
            year = {2005},
           pages = {1136--1141},
        keywords = {analogies, semantic relations, vector space model, noun-modifier expressions, latent relational analysis},
             url = {http://cogprints.org/4501/}
}

@inproceedings{turney2001mining,
  author = {Turney, Peter},
  title = {Mining the Web for Synonyms: PMI-IR Versus LSA on TOEFL},
  url = {http://nparc.cisti-icist.nrc-cnrc.gc.ca/npsi/ctrl?action=shwart&index=an&req=5765594&lang=en},
  year = 2001
}


@book{widdows04,
  author = {Widdows, Dominic},
  address = {Stanford, California, USA},
  publisher = {CSLI Publications},
  title = {Geometry and Meaning},
  year = 2004,
  keywords = {imported}
}

@book{zipf1949_2,
  author = {Zipf, G. K.},
  address = {Cambridge {MA}},
  publisher = {{Addison-Wesley}},
  title = {Human Behaviour and the Principle of {Least-Effort}},
  year = 1949
}

@inbook{harris1970,
  author = {Harris Z.},
  publisher = {    },
chapter = { Distributional structure},
  title = { In Papers in structural and transformational Linguistics},
pages= {775-794}
  year = 1970
}

@article{osgood1952,
  author = {Osgood C.},
  journal = {Psychological Bulletin},
  pages = {197-237},
  title = { The nature and measurement of meaning},
  volume = 49,
  year = 1952
}


@conference{gallant1991a,
  author={Gallant S.},
  title = { Context vector representations for document retrieval},
  booktitle = {AAAI Natural Language Text Retrieval Workshop},
  year = 1991a.
}


@inproceedings{wei_peng2008,
  author={Wei, X. and Peng, F., and Dumoulin, B. },
  title = { Analyzing web text association to disambiguate abbreviation in queries},
  booktitle = {In Proceedings of the 31st Annual International ACM SIGIR
Conference on Research and Development in Information Retrieval (SIGIR '08)},
address = {New York, NY},
publisher={ACM},
  year = 2008.
}

@article{gallant1991b,
  author = {Gallant S.},
  journal = { Neural Computation},
  number = 3,
  pages = {293-309},
  title = { A practical approach for representing context and performing word sense disambiguation using neural networks},
  volume = 3
  year = 1996
}


@article{katz_1996,
  author = {Katz, S.},
  journal = {Natural Language Engineering},
  number = 1,
  pages = {15-59},
  title = {Distribution of Content Words and Phrases in Text and Language Modelling},
  volume = 2
  year = 1996
}


@article{deerwester90indexing,
  author = {Deerwester, Scott C. and Dumais, Susan T. and Landauer, Thomas K. and Furnas, George W. and Harshman, Richard A.},
  journal = {Journal of the American Society of Information Science},
  pages = {391-407},
  title = {Indexing by Latent Semantic Analysis},
  volume = 41,
  year = 1990
}

@article{hull_1996,
  author = {Hull, D.},
  journal = {Journal of the American Society for Information Science},
  number = 1,
  pages = {70-84},
  title = {Stemming Algorithms: A Case Study for Detailed Evaluation},
  volume = 47,
  year = 1996
}

@article{porter_1980,
  author = {Porter, M.},
  journal = {Program},
  number = 3,
  pages = {130-137},
  title = {An Algorithm for Suffix Stripping},
  url = {http://ontology.csse.uwa.edu.au/reference/browse_paper.php?pid=233281850},
  volume = 14,
  year = 1980
}

@phdthesis{sahlgren06,
  author = {Sahlgren, Magnus},
  address = {Stockholm, Sweden},
  school = {Stockholm University},
  title = {The Word-Space Model: Using Distributional Analysis to Represent Syntagmatic and Paradigmatic Relations between Words in High-Dimensional Vector Spaces},
  year = 2006
}

@article{rubensteinG65,
 author    = {H., Rubenstein and John B., Goodenough},
  journal = {Commun. ACM},
  number = 10,
  pages = {627-633},
  title = {Contextual correlates of synonymy.},
  url = {http://dblp.uni-trier.de/db/journals/cacm/cacm8.html#RubensteinG65},
  volume = 8,
  year = 1965
}

@article{swinney1979lexical,
  author = {Swinney David},
  journal = {Journal of Verbal Learning {\&} Verbal Behavior},
  number = 6,
  pages = {645-659},
  title = {Lexical access during sentence comprehension: (Re)consideration of context effects},
  volume = 18,
  year = 1979,
  biburl = {http://www.bibsonomy.org/bibtex/29b9eeb94de3039ff763f6985b9d73a4f/davidswelt}
}


@article{raynerPacht1994,
  author = {Rayner K. and Pacht J. M. and Duffy S. A.},
  journal = {Journal of Memory {\&} Language},
 pages = {527-544},
  title = { Effects of prior encounter and discourse bias on the processing of lexically ambiguous words: Evidence from eye fixations},
  volume = 33,
  year = 1994
}

@article{kilgarriff1997,
  author = {Kilgarriff Adam},
  journal = {CoRR},
  title = {I don't believe in word senses},
  url = {http://dblp.uni-trier.de/db/journals/corr/corr9712.html#cmp-lg-9712006},
  volume = {cmp-lg/9712006},
  year = 1997,
  biburl = {http://www.bibsonomy.org/bibtex/28bb39a325458b3e1870dfe26aea06a02/dblp}
}

Ruhl, Charles. 1989.. Albany:
.

@book{ruhl1989,
	author = {Ruhl Charles},
	title = { On Monosemy: A Study in Linguistic Semantics},
	address = {Albany},
	publisher = {State University of New York Press},
	year = 1989
}

@article{journals/corr/abs-1003-1141,
  author = {Turney, Peter D. and Pantel, Patrick},
  journal = {CoRR},
  title = {From Frequency to Meaning: Vector Space Models of Semantics},
  url = {http://dblp.uni-trier.de/db/journals/corr/corr1003.html#abs-1003-1141},
  volume = {abs/1003.1141},
  year = 2010
}

@inproceedings{pantelLin2002,
  author = {Pantel, Patrick and Lin, Dekang},
  address = {New York, NY, USA},
  booktitle = {Proceedings of the eighth ACM SIGKDD international conference on Knowledge discovery and data mining},
  pages = {613--619},
  publisher = {ACM},
  series = {KDD '02},
  title = {Discovering word senses from text},
  url = {http://www.patrickpantel.com/cgi-bin/web/tools/getfile.pl?type=paper&id=2002/kdd02.pdf},
  year = 2002,
  location = {Edmonton, Alberta, Canada}
}


@article{gentner83,
  author = {Gentner, D.},
  journal = {Cognitive Science},
  pages = {155-170},
  title = {Structure-mapping: A theoretical framework for analogy},
  volume = 7,
  year = 1983
}

@article{landauerd97,
  author = {Landauer, T. K. and Dumais, S. T.},
  journal = {Psychological Review},
  pages = {211-240},
  title = {A solution to {P}lato's problem: the {L}atent
		 {S}emantic {A}nalysis theory of acquisition, induction,
		 and representation of knowledge},
  volume = 104,
  year = 1997
}

@article{furnas1988iru,
  author = {Furnas, GW and Deerwester, S. and Dumais, ST and Landauer, TK and Harshman, RA and Streeter, LA and Lochbaum, KE},
  booktitle = {Proceedings of the 11th annual international ACM SIGIR conference on Research and development in information retrieval},
  organization = {ACM New York, NY, USA},
  pages = {465--480},
  title = {{Information retrieval using a singular value decomposition model of latent semantic structure}},
  year = 1988
}

@article{shannon1948,
  author = {Shannon C.},
  title = {A mathematical theory of communication},
  booktitle = { Bell System Technical Journal},
  pages = {379--423, 623--656},
volume= {27},
  year = 1948
}


@article{deerwester90indexing,
  author = {Deerwester, Scott C. and Dumais, Susan T. and Landauer, Thomas K. and Furnas, George W. and Harshman, Richard A.},
  journal = {Journal of the American Society of Information Science},
  pages = {391-407},
  title = {Indexing by Latent Semantic Analysis},
  volume = 41,
  year = 1990
}

@article{golub1965,
  author = {Golub, G. and Kahan, W.},
  title = {Calculating the Singular Values and Pseudo-Inverse of a Matrix},
  url = {http://www.jstor.org/stable/2949777},
  year = 1965
}

@inproceedings{conf/trec/Dumais93,
  author = {Dumais, Susan T.},
  booktitle = {TREC},
  pages = {105-116},
  title = {Latent Semantic Indexing (LSI) and TREC-2.},
  url = {http://dblp.uni-trier.de/db/conf/trec/trec93.html#Dumais93},
  year = 1993
}

@inproceedings{lund1995,
  author = {Lund, K., Burgess, C., and Atchley, R. A.},
  booktitle = {Proceedings of the 17th Annual Conference of the
Cognitive Science Society},
  pages = { 660--665},
  title = { Semantic and associative priming in highdimensional
semantic space.},
  year = 1995
}

@book{kanerva88,
  author = {Kanerva, P.},
  address = {Cambridge, MA},
  publisher = {MIT Press},
  title = {Sparse distributied memory},
  year = 1988
}

@inproceedings{kaski1999,
  author = {Kaski S.},
  booktitle = { In Proceedings of the International Joint Confer-
ence on Neural Networks, IJCNN'98},
  pages = { 413--418},
  title = {  Dimensionality reduction by random mapping: Fast similarity
computation for clustering},
publisher = {IEEE Service Center},
  year = 1999
}

@inproceedings{papadim1998,
  author = {Papadimitriou, C. and   Raghavan, P. and   Tamaki, H. and  Vempala, S.},
  booktitle = { In Proceedings of the 17th ACM Symposium on the Principles of Database Systems},
  pages = { 159--168},
  title = {  Latent semantic
indexing: A probabilistic analysis},
publisher = {ACM Press},
  year = 1998
}

@inproceedings{bingham2001,
  author = {Bingham E. and Mannila H.},
  booktitle = { Proceedings of the 7th ACM SIGKDD International Conference on Knowledge Discovery and Data Mining (KDD-2001)},
  pages = {245--250},
  title = {  Random projection in dimensionality reduction: applications to image and text data},
publisher = {Association for Computing Machinery (ACM)},
  year = 2001
}

@inproceedings{karlgren2005,
  author = {Karlgren, J. and Sahlgren, M., and C\"oster, R.},
  booktitle = {Working notes of the 6th workshop of the Cross-Language
Evaluation Forum, CLEF'05, Vienna, Austria},
  pages = {245--250},
  title = {  Principled query processing},
publisher = {Association for Computing Machinery (ACM)},
  year = 2005
}


@article{lundb96,
  author = {Lund, K. and Burgess, C.},
  journal = {Behavior Research Methods, Instrumentation, and Computers},
  pages = {203-208},
  title = {Producing high-dimensional semantic spaces from lexical co-occurrence},
  volume = 28,
  year = 1996
}

@book{manning1999foundations,
  author = {Manning, C. and Sch\"utze, H.},
  address = {Cambridge, MA},
  publisher = {MIT Press},
  title = {Foundations of statistical natural language processing},
  year = 1999
}

@book{manning-etal:08,
  author = {Manning, Christopher D. and Raghavan, Prabhakar and Sch{\"u}tze, Hinrich},
  address = {Cambridge},
  publisher = {Cambridge University Press},
  title = {Introduction to Information Retrieval},
  url = {http://nlp.stanford.edu/IR-book/},
  year = 2008
}



@inproceedings{Lavrenko+Croft:01a,
  author = {Lavrenko, Victor and Croft, W. Bruce},
  booktitle = {Proceedings of SIGIR},
  pages = {120--127},
  title = {Relevance-Based Language Models},
  year = 2001
}

@inproceedings{bainJingSong2005,
  author = {Bai, Jing and Song, Dawei and Bruza, Peter and Nie, Jian-Yun and Cao, Guihong},
  address = {New York, NY, USA},
  booktitle = {CIKM '05: Proceedings of the 14th ACM international conference on Information and knowledge management},
  pages = {688--695},
  publisher = {ACM Press},
  title = {Query expansion using term relationships in language models for information retrieval},
  url = {http://portal.acm.org/citation.cfm?id=1099725},
  year = 2005
}

@article{journals/ipm/SinghalSMB96,
  author = {Singhal, Amit and Salton, Gerard and Mitra, Mandar and Buckley, Chris},
  journal = {Inf. Process. Manage.},
  number = 5,
  pages = {619-633},
  title = {Document Length Normalization.},
  url = {http://dblp.uni-trier.de/db/journals/ipm/ipm32.html#SinghalSMB96},
  volume = 32,
  year = 1996
}

@inproceedings{church89,
  author = {Church, Kenneth W. and Hanks, Patrick},
  address = {Vancouver, B.C},
  booktitle = {27th {M}eeting of the {A}ssociation for {C}omputational {L}inguistics},
  pages = {76--83},
  title = {Word association norms, mutual information, and lexicography},
  year = 1989
}

@inproceedings{niwa94,
  author = {Niwa, Yoshiki and Nitta, Yoshihiko},
  address = {Kyoto, Japan},
  booktitle = {Proceedings of the 15th International Conference On
    Computational Linguistics},
  key = {Niwa and Nitta},
  pages = {304--309},
  title = {Co-occurrence vectors from corpora vs. distance vectors
    from dictionaries},
  year = 1994
}

@article{bullinaria2007,
  author = {Bullinaria, J.A. and Levy, J.P.},
  journal = {Behavior Research Methods},
  number = 3,
  pages = 510,
  publisher = {Psychonomic Society Publications},
  title = {Extracting semantic representations from word co-occurrence statistics: A computational study},
  year = 2007
}

@INPROCEEDINGS{Leacock93towardsbuilding,
    author = {Claudia Leacock and Geoffrey Towell and Ellen Voorhees},
    title = {Towards Building Contextual Representations of Word Senses Using Statistical Models},
    booktitle = {Corpus Processing for Lexical Acquisition},
    year = {1993},
    pages = {97--113},
    publisher = {MIT Press}
}











